@Article{kerner1993,
  author       = {Kerner, B. S. and Konhäuser, P.},
  title	       = {Cluster effect in initially homogeneous traffic
                  flow},
  year	       = 1993,
  volume       = 48,
  number       = 4,
  month	       = {Oct},
  pages	       = {R2335–R2338},
  issn	       = {1095-3787},
  doi	       = {10.1103/physreve.48.r2335},
  url	       = {http://dx.doi.org/10.1103/physreve.48.r2335},
  journal      = {Physical Review E},
  publisher    = {American Physical Society (APS)}
}

@article{smith1930rhind,
  title={The Rhind Papyrus},
  author={Smith, David Eugene},
  journal={Bulletin of the American Mathematical Society},
  volume={36},
  number={3},
  pages={166--170},
  year={1930},
  publisher={American Mathematical Society}
}
@article{core99_error,
  author          = {core, arXiv api},
  title           = {Error},
  journal         = {CoRR},
  year            = {1999},
  url             = {http://arxiv.org/api/errors#incorrect_id_format_for_PDEs},
  abstract        = {incorrect id format for PDEs},
  archivePrefix   = {arXiv},
  eprint          = {PDEs},
  primaryClass    = {nil},
}
