@article{kerner1993cluster,
  title={Cluster effect in initially homogeneous traffic flow},
  author={Kerner, Boris S and Konh{\"a}user, Peter},
  journal={Physical review E},
  volume={48},
  number={4},
  pages={R2335},
  year={1993},
  publisher={APS}
}

@article{bando1995dynamical,
  title={Dynamical model of traffic congestion and numerical simulation},
  author={Bando, Masako and Hasebe, Katsuya and Nakayama, Akihiro and Shibata, Akihiro and Sugiyama, Yuki},
  journal={Physical review E},
  volume={51},
  number={2},
  pages={1035},
  year={1995},
  publisher={APS}
}

@book{press1986numerical,
  title={Numerical recipes},
  author={Press, William H and Vetterling, William T and Teukolsky, Saul A and Flannery, Brian P},
  volume={818},
  year={1986},
  publisher={Cambridge university press Cambridge}
}