@book{schlichting2016boundary,
  title={Boundary-layer theory},
  author={Schlichting, Hermann and Gersten, Klaus},
  year={2016},
  publisher={Springer}
}

@Article{Kerner_1993,
  author       = {Kerner, B. S. and Konhäuser, P.},
  title	       = {Cluster effect in initially homogeneous traffic
                  flow},
  year	       = 1993,
  volume       = 48,
  number       = 4,
  month	       = {Oct},
  pages	       = {R2335–R2338},
  issn	       = {1095-3787},
  doi	       = {10.1103/physreve.48.r2335},
  url	       = {http://dx.doi.org/10.1103/physreve.48.r2335},
  journal      = {Physical Review E},
  publisher    = {American Physical Society (APS)}
}
